@book{devroye2013probabilistic,
  title={A probabilistic theory of pattern recognition},
  author={Devroye, Luc and Gy{\"o}rfi, L{\'a}szl{\'o} and Lugosi, G{\'a}bor},
  volume={31},
  year={1997},
  publisher={Springer Science \& Business Media}
}

@book{MATLAB:2016,
	year = {2016},
	author = {MATLAB},
	title = {version 9.1.0.441655 (R2016b)},
	publisher = {The MathWorks Inc.},
	address = {Natick, Massachusetts}
}

@article{mackey1977oscillation,
	title={Oscillation and chaos in physiological control systems},
	author={Mackey, Michael C and Glass, Leon and others},
	journal={Science},
	volume={197},
	number={4300},
	pages={287--289},
	year={1977}
}

@inproceedings{wan1993modeling,
	title={Modeling Nonlinear Dynamics With Neural Networks: Examples In Time Series Prediction},
	author={Wan, Eric A},
	booktitle={Proceedings of {SPIE}: The International Society for Optical Engineering},
	pages={327--327},
	year={1970},
	organization={Citeseer}
}

@electronic{averageSnP500Gain,
	title={What is the average annual return for the {S\&P} 500?},
	author={Investopedia},
	year=2015,
	month=apr,
	organization={Investopedia {LLC}},
	url={http://www.investopedia.com/ask/answers/042415/what-average-annual-return-sp-500.asp},
}